<?xml version="1.0" encoding="UTF-8"?><collection xmlns="http://www.loc.gov/MARC21/slim"><record><leader>00373nam--2200133-i-4500</leader><controlfield tag="001">000017005</controlfield><controlfield tag="002">20161230</controlfield><controlfield tag="005">20161230201032</controlfield><controlfield tag="008">060222s1000------------r-----000-0-eng-d</controlfield><datafield ind1=" " ind2=" " tag="080"><subfield code="a">539.172.4(016)(083)</subfield></datafield><datafield ind1=" " ind2=" " tag="245"><subfield code="a">Sipplement.the index to literature and compute r files on microscopic neutron data</subfield></datafield><datafield ind1=" " ind2=" " tag="260"><subfield code="a">Vienna, Iaea, 1986. 116 P</subfield></datafield><datafield ind1=" " ind2=" " tag="490"><subfield code="a">Cinda 86</subfield></datafield><datafield ind1=" " ind2=" " tag="852"><subfield code="a">79623</subfield></datafield></record></collection>